@Article{Gawrychowski2017,
  author        = {Pawel Gawrychowski and Przemyslaw Uznanski},
  journal       = {CoRR},
  title         = {Optimal trade-offs for pattern matching with k mismatches},
  year          = {2017},
  volume        = {abs/1704.01311},
  archiveprefix = {arXiv},
  bibsource     = {dblp computer science bibliography, https://dblp.org},
  biburl        = {https://dblp.org/rec/journals/corr/GawrychowskiU17.bib},
  doi           = {10.48550/arxiv.1704.01311},
  eprint        = {1704.01311},
  url           = {http://arxiv.org/abs/1704.01311},
}

@Article{Clifford2015,
  author        = {Rapha{\"{e}}l Clifford and Allyx Fontaine and Ely Porat and Benjamin Sach and Tatiana Starikovskaya},
  journal       = {CoRR},
  title         = {The k-mismatch problem revisited},
  year          = {2015},
  volume        = {abs/1508.00731},
  archiveprefix = {arXiv},
  bibsource     = {dblp computer science bibliography, https://dblp.org},
  biburl        = {https://dblp.org/rec/journals/corr/CliffordFPSS15a.bib},
  doi           = {10.48550/arxiv.1508.00731},
  eprint        = {1508.00731},
  url           = {http://arxiv.org/abs/1508.00731},
}

@Article{Karloff1993,
  author    = {Howard J. Karloff},
  journal   = {Inf. Process. Lett.},
  title     = {Fast Algorithms for Approximately Counting Mismatches},
  year      = {1993},
  number    = {2},
  pages     = {53--60},
  volume    = {48},
  bibsource = {dblp computer science bibliography, https://dblp.org},
  biburl    = {https://dblp.org/rec/journals/ipl/Karloff93.bib},
  doi       = {10.1016/0020-0190(93)90177-B},
}

@Comment{jabref-meta: databaseType:bibtex;}
